<?xml version="1.0" encoding="UTF-8"?><collection xmlns="http://www.loc.gov/MARC21/slim"><record><leader>00517nam--2200181-i-4500</leader><controlfield tag="001">000010751</controlfield><controlfield tag="002">20161230</controlfield><controlfield tag="005">20161230201028</controlfield><controlfield tag="008">060222s1000------------r-----000-0-eng-d</controlfield><datafield ind1=" " ind2=" " tag="040"><subfield code="a">IFIN-HH</subfield></datafield><datafield ind1=" " ind2=" " tag="080"><subfield code="a">530.1:539.131</subfield></datafield><datafield ind1="1" ind2=" " tag="100"><subfield code="a">Berriman, B.J</subfield></datafield><datafield ind1="1" ind2="0" tag="245"><subfield code="a">Comparison of eikonal amplitudes for potential scattering</subfield><subfield code="c">B.j. berriman, l. castillejo</subfield></datafield><datafield ind1=" " ind2=" " tag="260"><subfield code="a">London</subfield><subfield code="b">University College</subfield><subfield code="c">/Fara An</subfield></datafield><datafield ind1=" " ind2=" " tag="300"><subfield code="a">6 P. + 4 P.FIG</subfield></datafield><datafield ind1="1" ind2=" " tag="700"><subfield code="a">Castillejo, L</subfield></datafield><datafield ind1=" " ind2=" " tag="852"><subfield code="a">8580</subfield><subfield code="c">530.1</subfield></datafield><datafield ind1=" " ind2=" " tag="CAT"><subfield code="a">Sys</subfield><subfield code="c">20160413</subfield><subfield code="h">085751</subfield></datafield></record></collection>